@misc{belsley2013electricity,
  title={Electricity and Magnetism, by Edward M. Purcell and David J. Morin: Scope: textbook. Level: undergraduate},
  author={Belsley, Michael},
  year={2013},
  publisher={Taylor \& Francis}
}

@article{griffits,
  title={INTRODUCTION TO ELECTRODYNAMICS Fourth Edition},
  author={Griffiths, David J},
  year={2021}
}

@book{serway2016fisica,
  title={F{\'\i}sica: electricidad y magnetismo},
  author={Serway, Raymond A and Jewett, John W},
  year={2016},
  publisher={Cengage Learning}
}

@article{byrne2015brief,
  title={A Brief History of Electromagnetism},
  author={Byrne, Charles and others},
  journal={Lowell: University of Massachusetts},
  year={2015}
}

@book{gilbert1958magnete,
  title={De magnete},
  author={Gilbert, William},
  year={1958},
  publisher={Courier Corporation}
}